3368 5528
534 1148 737 1245 INDEX
779 1149 1008 1247 RERUM

1301 1756 1376 1809 Pagos.

165 1845 249 1899 lnnnr
264 1856 430 1898 sanirronuu
445 1840 552 1912 quibus
566 1841 737 1912 frequenter
751 1841 796 1895 usi
811 1854 912 1895 sumus
920 1881 1283 1903 .......................
1362 1850 1375 1900 l

165 1932 351 1988 Prooemium
358 1971 1284 1991 .....................................................
1362 1937 1377 1989 3

166 2013 332 2094 Capitulum
346 2021 485 2092 primum:
501 2051 534 2060 -
549 2020 588 2075 lle
604 2020 673 2086 vila,
691 2019 809 2091 ingenio
824 2023 853 2074 et
867 2020 1005 2091 operibus
1020 2023 1099 2077 Petri
1115 2021 1150 2076 de
1162 2021 1284 2082 rilliaco.
1362 2030 1377 2080 7

166 2111 334 2183 Capitulum
353 2109 525 2166 seeundum.
546 2140 581 2150 -
604 2110 643 2164 lle
665 2108 796 2164 lontibus
817 2124 853 2163 ex
874 2109 981 2180 quibus
999 2113 1103 2166 Petrus
1123 2111 1158 2166 de
1178 2112 1289 2169 Alliaoo

201 2201 365 2256 doctrinam
384 2215 467 2255 suam
484 2199 583 2254 hausit
589 2242 1283 2261 ........................................
1343 2207 1377 2262 29

167 2290 333 2362 Capitulum
348 2290 478 2344 tertium.
494 2319 530 2329 -
544 2287 693 2354 Quomodo
708 2289 814 2342 Petrus
833 2286 868 2342 de
888 2287 999 2343 Alliaoo
1014 2289 1179 2360 praedictos
1195 2293 1290 2347 lontes

201 2378 396 2451 exploraverit
410 2383 440 2433 et
454 2377 514 2432 illis
529 2393 599 2433 usus
615 2377 652 2431 sit
658 2419 1284 2439 ....................................
1344 2383 1374 2437 ll

168 2466 331 2540 Capitulum
357 2472 506 2540 quartum.
520 2461 564 2507 ’-
582 2466 657 2532 Quid
679 2467 715 2522 de
738 2466 916 2539 geographia
943 2469 1092 2523 censuerit
1121 2471 1225 2525 Petrus
1254 2470 1289 2525 de

200 2557 310 2613 Alliaoo
330 2561 359 2612 et
373 2556 528 2612 scribendo
543 2555 736 2628 geographica
750 2554 890 2627 opuscula
908 2572 966 2627 quo
981 2557 1167 2612 contenderit
1172 2601 1283 2619 ,,,,,,,
1343 2563 1377 2615 45

167 2646 333 2719 Capitulum
347 2646 495 2718 quintum.
508 2677 544 2687 -
558 2647 598 2700 lle
614 2645 806 2717 dispositione
821 2645 924 2700 mundi
931 2688 1284 2708 .....................
1344 2653 1378 2704 52

167 2735 332 2808 Capitulum
347 2741 473 2792 sextum.
490 2767 524 2775 -
538 2736 578 2790 De
594 2738 670 2789 terra
690 2735 811 2805 eiusque
826 2749 965 2790 mensura
979 2751 1012 2790 ao
1025 2734 1265 2795 divisionibus...
1278 2784 1283 2796 .
1343 2741 1376 2793 59

166 2825 331 2897 Capitulum
349 2826 568 2897 septimum-
591 2825 631 2879 lle
650 2825 705 2879 hao
725 2822 917 2897 geographiae
933 2829 1015 2896 parte
1029 2840 1103 2896 quae
1119 2842 1197 2880 nune
1213 2827 1288 2897 ply-

199 2918 256 2971 sioo
269 2916 404 2985 oenerolis
418 2919 538 2970 vooatur
544 2954 1284 2974 ............................................
1344 2920 1378 2973 82

166 3004 333 3076 Capitulum
348 3009 495 3060 octavum.
514 3005 603 3058 -De
619 3008 713 3058 terrae
733 3002 902 3058 habitabilis
917 3003 1113 3076 descriptione
1120 3047 1284 3063 ..........
1344 3010 1378 3062 90

168 3092 332 3162 Capitulum
347 3108 468 3150 nonum.
484 3125 519 3134 —
532 3094 571 3148 lla
586 3092 755 3149 hominibus
763 3136 1284 3154 ..............................
1344 3100 1378 3152 95

170 3180 320 3238 Couetusro
327 3226 1285 3243 .......................................................
1344 3188 1378 3241 98

326 4744 352 4788 Lo
367 4745 530 4804 Pity-on-l'olay.
549 4772 574 4779 -
594 4748 724 4804 lmpriinerie
733 4750 797 4806 lldgis
809 4750 949 4804 Maroneam,
964 4750 1076 4796 boulenatd
1086 4752 1170 4803 Carum,
1182 4756 1214 4797 2³¹.
