3368 5528
331 459 371 502 DE
394 457 483 502 PETRI
506 456 546 500 DE
571 456 700 503 lutrano
725 458 951 504 GEOGRAPHICIS
975 460 1140 507 OPUSCULIS
1302 439 1340 503 5l

133 613 212 676 ante
229 605 356 675 Christi
379 604 523 684 obitum,
548 603 710 672 Eudoxus
732 606 901 697 principia
920 606 1184 676 mathematicae
1200 625 1345 696 geogra-

133 713 235 804 phiae
252 721 413 802 posuerat
435 714 456 792 ¹,
473 708 555 777 dum
575 717 746 778 astrorum
767 712 1005 782 observatione
1026 714 1181 782 locorum
1207 710 1346 803 positio-

133 843 216 888 nem
230 821 268 886 in
282 825 372 887 terra
389 816 633 885 determinaret
649 823 682 885 ct
697 818 821 889 abhinc
837 844 877 887 ca
892 820 946 888 die
966 820 1152 910 geographi
1176 819 1217 887 ab
1237 824 1344 885 astro-

134 928 249 995 nomis
269 949 308 994 ac
329 924 491 1016 qeodesc’s,
516 926 680 992 scientiae
707 928 861 1016 propriae
883 933 974 995 certa
1001 927 1172 994 elementa
1205 947 1343 1016 accepe-

134 1040 232 1115 runt;
256 1034 318 1102 has
347 1038 464 1100 autem
484 1032 589 1100 exiles
613 1033 770 1101 notiones
794 1033 895 1103 dictis
921 1036 1094 1103 viatorum
1120 1036 1343 1101 ornaverunt.

135 1142 191 1210 llli
205 1163 286 1209 vero
298 1163 369 1207 non
389 1161 525 1229 semper
544 1140 626 1207 satis
649 1139 738 1208 docti
757 1149 838 1208 sunt
858 1146 894 1208 ut
918 1164 972 1209 res
993 1164 1114 1209 omncs
1133 1146 1211 1231 apte
1232 1139 1345 1207 ohser-

135 1254 267 1318 ventac
284 1253 374 1315 recte
388 1245 539 1331 videant,
555 1252 594 1313 ut
608 1252 728 1315 exacta
742 1249 852 1339 magis
868 1271 972 1338 quam
987 1247 1161 1316 mirabilia
1173 1248 1344 1326 referant;

136 1357 251 1446 itaque
271 1354 410 1445 ineptiis
430 1351 624 1443 fabulisque
639 1355 846 1446 geographia
865 1362 982 1446 aperta
1001 1361 1052 1422 est
1072 1355 1095 1423 ².
1122 1354 1261 1422 Primus
1282 1352 1348 1419 fuit

136 1442 317 1543 Veranius,
335 1460 473 1528 saeculo
489 1459 623 1528 decimo
639 1462 798 1551 septime,
821 1463 880 1551 qui
899 1462 1078 1554 physicam
1100 1459 1346 1552 geographiam

136 1570 283 1640 vinculis
299 1567 471 1659 expedivit
485 1590 492 1649 ;
505 1572 657 1635 attamen
674 1568 777 1635 etiam
788 1591 881 1636 nunc
901 1569 1051 1660 plurima
1065 1565 1348 1658 cosmographica

138 1683 343 1769 argumenta
377 1680 458 1742 sunt
485 1674 522 1740 in
554 1674 641 1742 lihro
673 1676 747 1742 eius
780 1674 838 1742 ubi
866 1676 921 1743 his
953 1676 1068 1744 verbis
1101 1672 1348 1767 geographiam

139 1786 278 1854 definit:
298 1811 313 1845 a
332 1781 548 1873 Geographia
563 1781 689 1850 dicitur
702 1781 845 1849 scientia
859 1783 1106 1850 mathematica
1122 1782 1242 1862 mixta,
1260 1802 1348 1868 quae

139 1892 273 1962 telluris
292 1890 511 1982 partiumque
526 1888 620 1956 illius
640 1889 837 1957 affectiones
857 1913 876 1957 a
896 1877 1087 1979 quantitate
1102 1886 1346 1979 dependentes,

139 2021 265 2090 nempe
280 1999 437 2089 liguram,
456 1996 582 2077 locum,
599 1996 888 2087 magnitudinem,
906 2003 1051 2079 motum,
1069 1997 1233 2066 caelestes
1248 2015 1350 2087 appa·

140 2105 280 2187 rentias,
299 2111 400 2195 atque
419 2103 504 2171 alias
527 2104 754 2194 proprietates
774 2103 1016 2173 affinesdocet
1041 2105 1063 2171 ³.
1088 2130 1103 2169 n
1123 2105 1245 2175 Nonne
1264 2106 1351 2174 vidi-

137 2235 219 2280 mus
235 2213 338 2280 huius
355 2216 521 2280 tractatus
535 2233 662 2279 novam
679 2211 867 2280 editionem
882 2235 901 2279 a
917 2213 1008 2280 curis
1019 2213 1192 2282 Newtonii
1206 2214 1351 2304 impres·

142 2342 216 2388 sam
232 2321 333 2387 esse?
912 2389 914 2393 ,

186 2426 309 2495 Petrus
327 2425 510 2505 deAlliaco
524 2426 621 2494 nullo
638 2427 740 2494 modo
762 2431 898 2517 tempus
922 2449 1024 2494 suum
1051 2430 1235 2496 antecessit
1256 2434 1291 2497 et
1312 2430 1349 2497 in

143 2541 237 2604 tanta
252 2535 500 2626 geographicae
516 2536 679 2604 scientiae
695 2535 910 2618 confusione,
929 2557 1008 2602 cum
1027 2534 1097 2601 iam
1117 2559 1132 2594 «
1154 2533 1312 2623 empirici
1332 2561 1348 2596 a

143 2665 291 2734 quorum
307 2641 452 2711 audacia
466 2650 606 2711 nostrae
632 2643 821 2734 sapientiae
845 2647 956 2709 mater
971 2646 1034 2724 est,
1061 2639 1225 2709 adversus
1251 2639 1351 2707 scho-

143 2750 196 2819 lae
214 2750 370 2819 doctores
385 2756 419 2818 et
434 2751 594 2841 antiquas
605 2751 824 2819 auctoritates
843 2748 1078 2840 insurgebant,
1095 2745 1137 2815 ad
1151 2746 1306 2815 scholam
1322 2752 1355 2813 et

144 2858 386 2949 antiquitatem
396 2858 595 2941 inclinatur,
608 2856 698 2924 unde
709 2858 865 2947 sequitur
877 2863 916 2923 ut
928 2853 1221 2946 quemadmodum
1237 2854 1354 2921 minor

146 2970 196 3033 est
210 2964 302 3055 apud
318 2987 381 3032 nos
397 2966 471 3034 eius
487 2965 708 3048 existimatio,
726 2964 774 3032 ita
793 2964 883 3055 apud
902 2963 1063 3054 aequales
1086 2983 1157 3030 non
1170 2961 1356 3030 auctoritas

146 3072 332 3140 minuetur.

179 3303 203 3352 l.
222 3303 356 3364 llouzeau,
370 3316 399 3368 p.
417 3304 463 3365 173
476 3302 597 3363 Lelewel,
613 3303 633 3364 I,
648 3316 677 3368 p.
694 3318 744 3354 vu.

178 3386 204 3433 2.
223 3383 287 3435 Vide
303 3385 412 3434 loannis
436 3384 468 3434 de
484 3383 643 3434 Mandavilla
658 3384 825 3444 relationem,
840 3399 908 3450 quae
922 3385 1016 3451 quinto
1034 3385 1139 3435 decimo
1154 3385 1261 3435 saeculo
1274 3385 1360 3435 fortu-

148 3477 210 3514 nam
223 3465 327 3514 tantam
339 3464 449 3525 habuit3
465 3465 523 3515 Vir.
540 3464 572 3514 de
584 3464 612 3514 S.
630 3465 734 3524 llartin,
750 3480 776 3529 p.
791 3466 848 3515 281.

179 3546 204 3594 3.
223 3545 362 3602 Veranius,
378 3546 478 3610 Geoqr„
483 3545 615 3609 pecoralis
625 3545 653 3594 io
668 3560 721 3610 qno
741 3545 895 3610 affectiones
906 3547 1041 3610 peneroles
1056 3545 1161 3595 telluris
1178 3545 1359 3610 explicantur,

151 3639 211 3689 cap.
230 3626 250 3686 l,
265 3640 294 3689 p.
319 3629 342 3685 1,
365 3625 446 3676 edidit
467 3626 930 3690 Elzerir,16643Houzeau,p.llt‚
952 3627 1103 3691 catalogum
1127 3626 1254 3676 instruxit
1275 3625 1356 3676 huius

155 3705 267 3756 celebris
282 3706 371 3770 operis
388 3705 536 3757 editionum
551 3708 576 3756 et
586 3706 804 3758 translationum.
